@article{Aggarwal_Gollapudi_Raghavender_Sinop_2021, title={Sketch-based algorithms for approximate shortest paths in road networks}, DOI={10.1145/3442381.3450083}, journal={Proceedings of the Web Conference 2021}, author={Aggarwal, Gaurav and Gollapudi, Sreenivas and Raghavender, R and Sinop, Ali Kemal}, year={2021}} 

@article{Ashrafi-Payaman_Kangavari_Hosseini_Fander_2020, title={GS4: Graph stream summarization based on both the structure and semantics}, volume={77}, DOI={10.1007/s11227-020-03290-2}, number={3}, journal={The Journal of Supercomputing}, author={Ashrafi-Payaman, Nosratali and Kangavari, Mohammad Reza and Hosseini, Saeid and Fander, Amir Mohammad}, year={2020}, pages={2713-2733}} 

@inproceedings{Chen_Zhou_Chen_Xiao_Jin_Li_2022,
  author={Chen, Ming and Zhou, Renxiang and Chen, Hanhua and Xiao, Jiang and Jin, Hai and Li, Bo},
  booktitle={2022 IEEE 38th International Conference on Data Engineering (ICDE)}, 
  title={Horae: A Graph Stream Summarization Structure for Efficient Temporal Range Query}, 
  year={2022},
  volume={},
  number={},
  pages={2792-2804},
  keywords={Hash functions;Query processing;Conferences;Binary codes;Data engineering;Big Data applications;Topology;Graph stream;temporal range query},
  doi={10.1109/ICDE53745.2022.00254}}

@inproceedings{Chen_Zhou_Chen_Jin_2022,
  author={Chen, Ming and Zhou, Renxiang and Chen, Hanhua and Jin, Hai},
  booktitle={2022 IEEE 42nd International Conference on Distributed Computing Systems (ICDCS)}, 
  title={Scube: Efficient Summarization for Skewed Graph Streams}, 
  year={2022},
  volume={},
  number={},
  pages={100-110},
  keywords={Big Data;Probabilistic logic;Real-time systems;Data models;Computational efficiency;Distributed computing;Graph stream;summarization;skewness},
  doi={10.1109/ICDCS54860.2022.00019}}

@article{Dolgorsuren_Xu_Khan_Jeong_Lee_2016, title={SP2: Spanner construction for Shortest Path computation on Streaming Graph}, DOI={10.1145/3007818.3007837}, journal={Proceedings of the Sixth International Conference on Emerging Databases: Technologies, Applications, and Theory}, author={Dolgorsuren, Batjargal and Xu, Weihua and Khan, Kifayat Ullah and Jeong, Byeong-Soo and Lee, Young-Koo}, year={2016}} 

@inproceedings{Elkin_Trehan_2022,
author = {Elkin, Michael and Trehan, Chhaya},
title = {Brief Announcement: (1+$\epsilon$)-Approximate Shortest Paths in Dynamic Streams.},
year = {2022},
isbn = {9781450392624},
publisher = {Association for Computing Machinery},
address = {New York, NY, USA},
url = {https://doi.org/10.1145/3519270.3538469},
doi = {10.1145/3519270.3538469},
booktitle = {Proceedings of the 2022 ACM Symposium on Principles of Distributed Computing},
pages = {57-59},
numpages = {3},
keywords = {spanners, shortest paths, hopsets, dynamic streams, approximate distances},
location = {Salerno, Italy},
series = {PODC'22}
}

@article{Feigenbaum_Kannan_McGregor_Suri_Zhang_2005, title={On graph problems in a semi-streaming model}, volume={348}, DOI={10.1016/j.tcs.2005.09.013}, number={2-3}, journal={Theoretical Computer Science}, author={Feigenbaum, Joan and Kannan, Sampath and McGregor, Andrew and Suri, Siddharth and Zhang, Jian}, year={2005}, pages={207-216}} 

@article{Gou_Zou_Zhao_Yang_2023, title={Graph stream sketch: Summarizing graph streams with high speed and accuracy}, volume={35}, DOI={10.1109/tkde.2022.3174570}, number={6}, journal={IEEE Transactions on Knowledge and Data Engineering}, author={Gou, Xiangyang and Zou, Lei and Zhao, Chenxingyu and Yang, Tong}, year={2023}, pages={5901-5914}} 

@article{Jiang_Chen_Jin_2023, title={Auxo: A scalable and efficient graph stream summarization structure}, volume={16}, DOI={10.14778/3583140.3583154}, number={6}, journal={Proceedings of the VLDB Endowment}, author={Jiang, Zhiguo and Chen, Hanhua and Jin, Hai}, year={2023}, pages={1386-1398}} 

@INPROCEEDINGS{Khan_Aggarwal_2016,
  author={Khan, Arijit and Aggarwal, Charu},
  booktitle={2016 IEEE/ACM International Conference on Advances in Social Networks Analysis and Mining (ASONAM)}, 
  title={Query-friendly compression of graph streams}, 
  year={2016},
  volume={},
  number={},
  pages={130-137},
  keywords={Frequency estimation;Social network services;Pattern matching;Real-time systems;Time-frequency analysis;Transportation;Blogs},
  doi={10.1109/ASONAM.2016.7752224}}


@article{Lemiesz_2023, title={Efficient Framework for operating on data sketches}, volume={16}, DOI={10.14778/3594512.3594526}, number={8}, journal={Proceedings of the VLDB Endowment}, author={Lemiesz, Jakub}, year={2023}, pages={1967-1978}} 

@article{Liu_Safavi_Dighe_Koutra_2018, title={Graph summarization methods and applications}, volume={51}, DOI={10.1145/3186727}, number={3}, journal={ACM Computing Surveys}, author={Liu, Yike and Safavi, Tara and Dighe, Abhilash and Koutra, Danai}, year={2018}, pages={1-34}} 

@article{Li_Zou_Ozsu_Zhao_2019, title={Time constrained continuous subgraph search over streaming graphs}, DOI={10.1109/icde.2019.00100}, journal={2019 IEEE 35th International Conference on Data Engineering (ICDE)}, author={Li, Youhuan and Zou, Lei and Ozsu, M. Tamer and Zhao, Dongyan}, year={2019}} 

@article{Roditty_Zwick_2012, title={Dynamic approximate all-pairs shortest paths in undirected graphs}, volume={41}, DOI={10.1137/090776573}, number={3}, journal={SIAM Journal on Computing}, author={Roditty, Liam and Zwick, Uri}, year={2012}, pages={670-683}} 

@inproceedings{Tang_Chen_Mitra_2016,
author = {Tang, Nan and Chen, Qing and Mitra, Prasenjit},
title = {Graph Stream Summarization: From Big Bang to Big Crunch},
year = {2016},
isbn = {9781450335317},
publisher = {Association for Computing Machinery},
address = {New York, NY, USA},
url = {https://doi.org/10.1145/2882903.2915223},
doi = {10.1145/2882903.2915223},
booktitle = {Proceedings of the 2016 International Conference on Management of Data},
pages = {1481-1496},
numpages = {16},
keywords = {summarization, sketch, graph streams, data streams},
location = {San Francisco, California, USA},
series = {SIGMOD '16}
}

@article{Wang_Wang_Koehler_Lin_2021, title={Query-by-sketch: Scaling shortest path graph queries on very large networks}, DOI={10.1145/3448016.3452826}, journal={Proceedings of the 2021 International Conference on Management of Data}, author={Wang, Ye and Wang, Qing and Koehler, Henning and Lin, Yu}, year={2021}} 

@article{Zhao_Aggarwal_Wang_2011, title={gSketch: On Query Estimation in Graph Streams}, volume={5}, DOI={10.14778/2078331.2078335}, number={3}, journal={Proceedings of the VLDB Endowment}, author={Zhao, Peixiang and Aggarwal, Charu C. and Wang, Min}, year={2011}, pages={193-204}} 

@INPROCEEDINGS{Gou_Zou_Zhao_Yang_2019,
  author={Gou, Xiangyang and Zou, Lei and Zhao, Chenxingyu and Yang, Tong},
  booktitle={2019 IEEE 35th International Conference on Data Engineering (ICDE)}, 
  title={Fast and Accurate Graph Stream Summarization}, 
  year={2019},
  volume={},
  number={},
  pages={1118-1129},
  keywords={Data structures;Hash functions;Sparse matrices;Social networking (online);Big Data;Art;Topology;graph, data stream, sketch, approximate query},
  doi={10.1109/ICDE.2019.00103}}


@article{Ahn_Guha_McGregor_2012,
author = {Ahn, Kook and Guha, Sudipto and McGregor, Andrew},
year = {2012},
month = {Jan},
pages = {459-467},
title = {Analyzing Graph Structure via Linear Measurements},
journal = {Proceedings of the Annual ACM-SIAM Symposium on Discrete Algorithms},
doi = {10.1137/1.9781611973099.40}
}

@inproceedings{Pacaci_Bonifati_Ã–zsu_2020,
author = {Pacaci, Anil and Bonifati, Angela and \"{O}zsu, M. Tamer},
title = {Regular Path Query Evaluation on Streaming Graphs},
year = {2020},
isbn = {9781450367356},
publisher = {Association for Computing Machinery},
address = {New York, NY, USA},
url = {https://doi.org/10.1145/3318464.3389733},
doi = {10.1145/3318464.3389733},
booktitle = {Proceedings of the 2020 ACM SIGMOD International Conference on Management of Data},
pages = {1415-1430},
numpages = {16},
keywords = {streaming graphs, regular path queries, persistent query evaluation},
location = {Portland, OR, USA},
series = {SIGMOD '20}
}

@book{Wilson_2015, place={Harlow, United Kingdom}, title={Introduction to graph theory}, publisher={Prentice Hall}, author={Wilson, Robin J.}, year={2015}} 

@inproceedings{Malewicz_Austern_Bik_Dehnert_Horn_Leiser_Czajkowski_2010,title	= {Pregel: A System for Large-Scale Graph Processing},author	= {Grzegorz Malewicz and Matthew H. Austern and Aart J.C. Bik and James C. Dehnert and Ilan Horn and Naty Leiser and Grzegorz Czajkowski},year	= {2009},URL	= {http://doi.acm.org/10.1145/1582716.1582723},booktitle	= {28th ACM Symposium on Principles of Distributed Computing},pages	= {6--6}}

@inproceedings{Xin_Gonzalez_Franklin_Stoica_2013,
author = {Xin, Reynold S. and Gonzalez, Joseph E. and Franklin, Michael J. and Stoica, Ion},
title = {GraphX: a resilient distributed graph system on Spark},
year = {2013},
isbn = {9781450321884},
publisher = {Association for Computing Machinery},
address = {New York, NY, USA},
url = {https://doi.org/10.1145/2484425.2484427},
doi = {10.1145/2484425.2484427},
booktitle = {First International Workshop on Graph Data Management Experiences and Systems},
articleno = {2},
numpages = {6},
location = {New York, New York},
series = {GRADES '13}
}

@ARTICLE{Yang_Qu_Yang_Wang_Cudre-Mauroux_2022,
  author={Yang, Dingqi and Qu, Bingqing and Yang, Jie and Wang, Liang and Cudre-Mauroux, Philippe},
  journal={IEEE Transactions on Knowledge and Data Engineering}, 
  title={Streaming Graph Embeddings via Incremental Neighborhood Sketching}, 
  year={2023},
  volume={35},
  number={5},
  pages={5296-5310},
  keywords={Task analysis;Computational modeling;Communication networks;Social networking (online);Graph neural networks;Faces;Approximation error;Dynamic graph embedding;streaming graph;concept drift;data sketching;consistent weighted sampling},
  doi={10.1109/TKDE.2022.3149999}}

@inproceedings{Yang_Rosso_Li_Cudre-Mauroux_2019,
author = {Yang, Dingqi and Rosso, Paolo and Li, Bin and Cudre-Mauroux, Philippe},
title = {NodeSketch: Highly-Efficient Graph Embeddings via Recursive Sketching},
year = {2019},
isbn = {9781450362016},
publisher = {Association for Computing Machinery},
address = {New York, NY, USA},
url = {https://doi.org/10.1145/3292500.3330951},
doi = {10.1145/3292500.3330951},
booktitle = {Proceedings of the 25th ACM SIGKDD International Conference on Knowledge Discovery \& Data Mining},
pages = {1162-1172},
numpages = {11},
keywords = {recursive sketching, graph embedding, data independent hashing},
location = {Anchorage, AK, USA},
series = {KDD '19}
}

@inproceedings{Ko_Kook_Shin_2020,
author = {Ko, Jihoon and Kook, Yunbum and Shin, Kijung},
title = {Incremental Lossless Graph Summarization},
year = {2020},
isbn = {9781450379984},
publisher = {Association for Computing Machinery},
address = {New York, NY, USA},
url = {https://doi.org/10.1145/3394486.3403074},
doi = {10.1145/3394486.3403074},
booktitle = {Proceedings of the 26th ACM SIGKDD International Conference on Knowledge Discovery \& Data Mining},
pages = {317-327},
numpages = {11},
keywords = {graph compression, graph summarization, incremental algorithm},
location = {Virtual Event, CA, USA},
series = {KDD '20}
}

@article{Ma_Liu_Yang_Yang_Li_2022, title={A parameter-free approach to lossless summarization of fully dynamic graphs}, volume={589}, DOI={10.1016/j.ins.2021.12.116}, journal={Information Sciences}, author={Ma, Ziyi and Liu, Yuling and Yang, Zhibang and Yang, Jianye and Li, Kenli}, year={2022}, month={Apr}, pages={376-394}} 

@article{Yang_Qu_Hussein_Rosso_CudrÃ©-Mauroux_Liu_2023, title={Revisiting embedding based graph analyses: Hyperparameters matter!}, volume={35}, DOI={10.1109/tkde.2022.3230743}, number={11}, journal={IEEE Transactions on Knowledge and Data Engineering}, author={Yang, Dingqi and Qu, Bingqing and Hussein, Rana and Rosso, Paolo and CudrÃ©-Mauroux, Philippe and Liu, Jie}, year={2023}, month={Nov}, pages={11830-11845}} 

@article{Manku_Motwani_2012, title={Approximate frequency counts over data streams}, volume={5}, DOI={10.14778/2367502.2367508}, number={12}, journal={Proceedings of the VLDB Endowment}, author={Manku, Gurmeet Singh and Motwani, Rajeev}, year={2012}, month={Aug}, pages={1699-1699}} 

@article{Cormode_Muthukrishnan_2005, title={An improved data stream summary: The count-min sketch and its applications}, volume={55}, DOI={10.1016/j.jalgor.2003.12.001}, number={1}, journal={Journal of Algorithms}, author={Cormode, Graham and Muthukrishnan, S.}, year={2005}, month={Apr}, pages={58-75}} 

@inproceedings{Alon_Matias_Szegedy_1996,
author = {Alon, Noga and Matias, Yossi and Szegedy, Mario},
title = {The space complexity of approximating the frequency moments},
year = {1996},
isbn = {0897917855},
publisher = {Association for Computing Machinery},
address = {New York, NY, USA},
url = {https://doi.org/10.1145/237814.237823},
doi = {10.1145/237814.237823},
booktitle = {Proceedings of the Twenty-Eighth Annual ACM Symposium on Theory of Computing},
pages = {20-29},
numpages = {10},
location = {Philadelphia, Pennsylvania, USA},
series = {STOC '96}
}

@inproceedings{Lian_Zheng_Zheng_Ge_Cao_Tsang_Xie_2018,
author = {Lian, Defu and Zheng, Kai and Zheng, Vincent W. and Ge, Yong and Cao, Longbing and Tsang, Ivor W. and Xie, Xing},
title = {High-order Proximity Preserving Information Network Hashing},
year = {2018},
isbn = {9781450355520},
publisher = {Association for Computing Machinery},
address = {New York, NY, USA},
url = {https://doi.org/10.1145/3219819.3220034},
doi = {10.1145/3219819.3220034},
booktitle = {Proceedings of the 24th ACM SIGKDD International Conference on Knowledge Discovery \& Data Mining},
pages = {1744-1753},
numpages = {10},
location = {London, United Kingdom},
series = {KDD '18}
}

@inproceedings{Tsitsulin_Mottin_Karras_MÃ¼ller_2018,
author = {Tsitsulin, Anton and Mottin, Davide and Karras, Panagiotis and M\"{u}ller, Emmanuel},
title = {VERSE: Versatile Graph Embeddings from Similarity Measures},
year = {2018},
isbn = {9781450356398},
publisher = {International World Wide Web Conferences Steering Committee},
address = {Republic and Canton of Geneva, CHE},
url = {https://doi.org/10.1145/3178876.3186120},
doi = {10.1145/3178876.3186120},
booktitle = {Proceedings of the 2018 World Wide Web Conference},
pages = {539-548},
numpages = {10},
keywords = {feature learning, graph embedding, graph representations, information networks, node embedding, vertex similarity},
location = {Lyon, France},
series = {WWW '18}
}

@inproceedings{Tang_Qu_Wang_Zhang_Yan_Mei_2015,
author = {Tang, Jian and Qu, Meng and Wang, Mingzhe and Zhang, Ming and Yan, Jun and Mei, Qiaozhu},
title = {LINE: Large-scale Information Network Embedding},
year = {2015},
isbn = {9781450334693},
publisher = {International World Wide Web Conferences Steering Committee},
address = {Republic and Canton of Geneva, CHE},
url = {https://doi.org/10.1145/2736277.2741093},
doi = {10.1145/2736277.2741093},
booktitle = {Proceedings of the 24th International Conference on World Wide Web},
pages = {1067-1077},
numpages = {11},
keywords = {dimension reduction, feature learning, information network embedding, scalability},
location = {Florence, Italy},
series = {WWW '15}
}

@article{Grover_Leskovec_2016, title={Node2vec: Scalable Feature Learning for Networks}, DOI={10.1145/2939672.2939754}, journal={Proceedings of the 22nd ACM SIGKDD International Conference on Knowledge Discovery and Data Mining}, author={Grover, Aditya and Leskovec, Jure}, year={2016}, month={Aug}} 

@inproceedings{Perozzi_Al-Rfou_Skiena_2014,
author = {Perozzi, Bryan and Al-Rfou, Rami and Skiena, Steven},
title = {DeepWalk: online learning of social representations},
year = {2014},
isbn = {9781450329569},
publisher = {Association for Computing Machinery},
address = {New York, NY, USA},
url = {https://doi.org/10.1145/2623330.2623732},
doi = {10.1145/2623330.2623732},
booktitle = {Proceedings of the 20th ACM SIGKDD International Conference on Knowledge Discovery and Data Mining},
pages = {701-710},
numpages = {10},
keywords = {deep learning, latent representations, learning with partial labels, network classification, online learning, social networks},
location = {New York, New York, USA},
series = {KDD '14}
}

@inproceedings{Zhang_Dong_Wang_Tang_Ding_2019,
author = {Zhang, Jie and Dong, Yuxiao and Wang, Yan and Tang, Jie and Ding, Ming},
title = {ProNE: fast and scalable network representation learning},
year = {2019},
isbn = {9780999241141},
publisher = {AAAI Press},
booktitle = {Proceedings of the 28th International Joint Conference on Artificial Intelligence},
pages = {4278-4284},
numpages = {7},
location = {Macao, China},
series = {IJCAI'19}
}

@inproceedings{Qiu_Dong_Ma_Li_Wang_Tang_2018,
author = {Qiu, Jiezhong and Dong, Yuxiao and Ma, Hao and Li, Jian and Wang, Kuansan and Tang, Jie},
title = {Network Embedding as Matrix Factorization: Unifying DeepWalk, LINE, PTE, and node2vec},
year = {2018},
isbn = {9781450355810},
publisher = {Association for Computing Machinery},
address = {New York, NY, USA},
url = {https://doi.org/10.1145/3159652.3159706},
doi = {10.1145/3159652.3159706},
booktitle = {Proceedings of the Eleventh ACM International Conference on Web Search and Data Mining},
pages = {459-467},
numpages = {9},
keywords = {social network, representation learning, network embedding, matrix factorization, graph spectral},
location = {Marina Del Rey, CA, USA},
series = {WSDM '18}
}

@inproceedings{Ou_Cui_Pei_Zhang_Zhu_2016,
author = {Ou, Mingdong and Cui, Peng and Pei, Jian and Zhang, Ziwei and Zhu, Wenwu},
title = {Asymmetric Transitivity Preserving Graph Embedding},
year = {2016},
isbn = {9781450342322},
publisher = {Association for Computing Machinery},
address = {New York, NY, USA},
url = {https://doi.org/10.1145/2939672.2939751},
doi = {10.1145/2939672.2939751},
booktitle = {Proceedings of the 22nd ACM SIGKDD International Conference on Knowledge Discovery and Data Mining},
pages = {1105-1114},
numpages = {10},
keywords = {high-order proximity, graph embedding, directed graph, asymmetric transitivity},
location = {San Francisco, California, USA},
series = {KDD '16}
}

@inproceedings{Cao_Lu_Xu_2015,
author = {Cao, Shaosheng and Lu, Wei and Xu, Qiongkai},
title = {GraRep: Learning Graph Representations with Global Structural Information},
year = {2015},
isbn = {9781450337946},
publisher = {Association for Computing Machinery},
address = {New York, NY, USA},
url = {https://doi.org/10.1145/2806416.2806512},
doi = {10.1145/2806416.2806512},
booktitle = {Proceedings of the 24th ACM International on Conference on Information and Knowledge Management},
pages = {891-900},
numpages = {10},
keywords = {algorithms, experimentation},
location = {Melbourne, Australia},
series = {CIKM '15}
}

@inproceedings{Wang_Cui_Zhu_2016,
author = {Wang, Daixin and Cui, Peng and Zhu, Wenwu},
title = {Structural Deep Network Embedding},
year = {2016},
isbn = {9781450342322},
publisher = {Association for Computing Machinery},
address = {New York, NY, USA},
url = {https://doi.org/10.1145/2939672.2939753},
doi = {10.1145/2939672.2939753},
booktitle = {Proceedings of the 22nd ACM SIGKDD International Conference on Knowledge Discovery and Data Mining},
pages = {1225-1234},
numpages = {10},
keywords = {deep learning, network analysis, network embedding},
location = {San Francisco, California, USA},
series = {KDD '16}
}

@inproceedings{Zhu_Cui_Wang_Zhu_2018,
author = {Zhu, Dingyuan and Cui, Peng and Wang, Daixin and Zhu, Wenwu},
title = {Deep Variational Network Embedding in Wasserstein Space},
year = {2018},
isbn = {9781450355520},
publisher = {Association for Computing Machinery},
address = {New York, NY, USA},
url = {https://doi.org/10.1145/3219819.3220052},
doi = {10.1145/3219819.3220052},
booktitle = {Proceedings of the 24th ACM SIGKDD International Conference on Knowledge Discovery \& Data Mining},
pages = {2827-2836},
numpages = {10},
keywords = {deep learning, network embedding, wasserstein space},
location = {London, United Kingdom},
series = {KDD '18}
}

@article{DBLP:journals/corr/KipfW16,
  author       = {Thomas N. Kipf and
                  Max Welling},
  title        = {Semi-Supervised Classification with Graph Convolutional Networks},
  journal      = {CoRR},
  volume       = {abs/1609.02907},
  year         = {2016},
  url          = {http://arxiv.org/abs/1609.02907},
  eprinttype    = {arXiv},
  eprint       = {1609.02907},
  timestamp    = {Mon, 13 Aug 2018 16:48:31 +0200},
  biburl       = {https://dblp.org/rec/journals/corr/KipfW16.bib},
  bibsource    = {dblp computer science bibliography, https://dblp.org}
}

@inproceedings{DBLP:journals/corr/HamiltonYL17,
author = {Hamilton, William L. and Ying, Rex and Leskovec, Jure},
title = {Inductive representation learning on large graphs},
year = {2017},
isbn = {9781510860964},
publisher = {Curran Associates Inc.},
address = {Red Hook, NY, USA},
booktitle = {Proceedings of the 31st International Conference on Neural Information Processing Systems},
pages = {1025-1035},
numpages = {11},
location = {Long Beach, California, USA},
series = {NIPS'17}
}

@article{Katz_1953, title={A new status index derived from sociometric analysis}, volume={18}, DOI={10.1007/bf02289026}, number={1}, journal={Psychometrika}, author={Katz, Leo}, year={1953}, month={Mar}, pages={39-43}}

@inproceedings{Wu_Li_Chen_Zhang_2018,
author = {Wu, Wei and Li, Bin and Chen, Ling and Zhang, Chengqi},
title = {Efficient attributed network embedding via recursive randomized hashing},
year = {2018},
isbn = {9780999241127},
publisher = {AAAI Press},
booktitle = {Proceedings of the 27th International Joint Conference on Artificial Intelligence},
pages = {2861-2867},
numpages = {7},
location = {Stockholm, Sweden},
series = {IJCAI'18}
}

@inproceedings{Wu_Li_Luo_Nejdl_2021,
author = {Wu, Wei and Li, Bin and Luo, Chuan and Nejdl, Wolfgang},
title = {Hashing-Accelerated Graph Neural Networks for Link Prediction},
year = {2021},
isbn = {9781450383127},
publisher = {Association for Computing Machinery},
address = {New York, NY, USA},
url = {https://doi.org/10.1145/3442381.3449884},
doi = {10.1145/3442381.3449884},
booktitle = {Proceedings of the Web Conference 2021},
pages = {2910-2920},
numpages = {11},
keywords = {Attributed Network, Graph Neural Networks, Hashing, Link Prediction},
location = {Ljubljana, Slovenia},
series = {WWW '21}
}

@ARTICLE{wang2017survey,
  author={Wang, Jingdong and Zhang, Ting and song, jingkuan and Sebe, Nicu and Shen, Heng Tao},
  journal={IEEE Transactions on Pattern Analysis and Machine Intelligence}, 
  title={A Survey on Learning to Hash}, 
  year={2018},
  volume={40},
  number={4},
  pages={769-790},
  keywords={Nearest neighbor searches;Search problems;Quantization (signal);Table lookup;Encoding;Indexes;Similarity search;approximate nearest neighbor search;hashing;learning to hash;quantization;pairwise similarity preserving;multiwise similarity preserving;implicit similarity preserving},
  doi={10.1109/TPAMI.2017.2699960}}


@ARTICLE{4700287,
  author={Scarselli, Franco and Gori, Marco and Tsoi, Ah Chung and Hagenbuchner, Markus and Monfardini, Gabriele},
  journal={IEEE Transactions on Neural Networks}, 
  title={The Graph Neural Network Model}, 
  year={2009},
  volume={20},
  number={1},
  pages={61-80},
  keywords={Neural networks;Biological system modeling;Data engineering;Computer vision;Chemistry;Biology;Pattern recognition;Data mining;Supervised learning;Parameter estimation;Graphical domains;graph neural networks (GNNs);graph processing;recursive neural networks},
  doi={10.1109/TNN.2008.2005605}}

@inproceedings{10.1145/2783258.2783406,
author = {Li, Ping},
title = {0-Bit Consistent Weighted Sampling},
year = {2015},
isbn = {9781450336642},
publisher = {Association for Computing Machinery},
address = {New York, NY, USA},
url = {https://doi.org/10.1145/2783258.2783406},
doi = {10.1145/2783258.2783406},
booktitle = {Proceedings of the 21th ACM SIGKDD International Conference on Knowledge Discovery and Data Mining},
pages = {665-674},
numpages = {10},
keywords = {learning, hashing, big data},
location = {Sydney, NSW, Australia},
series = {KDD '15}
}

@article{Good_1982, title={Diversity as a concept and its measurement: Comment}, volume={77}, DOI={10.2307/2287710}, number={379}, journal={Journal of the American Statistical Association}, author={Good, I. J.}, year={1982}, month={Sep}, pages={561}} 

@article{Hamming_1950, title={Error detecting and error correcting codes}, volume={29}, DOI={10.1002/j.1538-7305.1950.tb00463.x}, number={2}, journal={Bell System Technical Journal}, author={Hamming, R. W.}, year={1950}, month={Apr}, pages={147-160}} 

@article{Lee_Gharan_Trevisan_2014, title={Multiway spectral partitioning and higher-order Cheeger inequalities}, volume={61}, DOI={10.1145/2665063}, number={6}, journal={Journal of the ACM}, author={Lee, James R. and Gharan, Shayan Oveis and Trevisan, Luca}, year={2014}, month={Dec}, pages={1-30}} 

@article{mikolov2013efficient,
author = {Mikolov, Tomas and Chen, Kai and Corrado, G.s and Dean, Jeffrey},
year = {2013},
month = {Jan},
pages = {},
title = {Efficient Estimation of Word Representations in Vector Space},
volume = {2013},
journal = {Proceedings of Workshop at ICLR}
}

@article{Lemiesz_2021, title={On the algebra of data sketches}, volume={14}, DOI={10.14778/3461535.3461553}, number={9}, journal={Proceedings of the VLDB Endowment}, author={Lemiesz, Jakub}, year={2021}, month={May}, pages={1655-1667}} 

@inbook{Devroye_1986, place={NY, NY}, title={GENERAL PRINCIPLES IN RANDOM VARIATE GENERATION }, booktitle={Non-Uniform Random Variate Generation}, publisher={Springer New York}, author={Devroye, Luc}, year={1986}, pages={27-29}} 

@book{Devroye_1986a, place={New York, NY}, title={Non-Uniform Random Variate Generation}, publisher={Springer New York}, author={Devroye, Luc}, year={1986}} 

@manual{Julia,
  title = {The Julia Language Documentation},
  author = {{The Julia Language Development Team}},
  year = {2024},
  url = {https://docs.julialang.org/en/v1/},
  note = {DostÄ™p: 07-06-2024}
}

@article{Hammond_Vandergheynst_Gribonval_2011, title={Wavelets on graphs via spectral graph theory}, volume={30}, DOI={10.1016/j.acha.2010.04.005}, number={2}, journal={Applied and Computational Harmonic Analysis}, author={Hammond, David K. and Vandergheynst, Pierre and Gribonval, RÃ©mi}, year={2011}, month={Mar}, pages={129-150}} 

@manual{Python,
  title = {Python Documentation},
  author = {{Python Software Foundation}},
  year = {2023},
  note = {DostÄ™p: 07-06-2024},
  url = {https://docs.python.org/3.11/}
}